@Article{bentolila_cahuc_dolado_lebarbanchon:2012:EJ,
	author={Samuel Bentolila and Pierre Cahuc and Juan J. Dolado and Thomas {Le Barbanchon}},
	title={{Two-Tier Labour Markets in the Great Recession: France versus Spain}},
	journal={Economic Journal},
	year=2012,
	volume={122},
	number={562},
	pages={155-187},
	keywords={},
	doi={},
	url={https://ideas.repec.org/a/ecj/econjl/v122y2012i562pf155-f18.html}
}


@article{cahuc_charlot_malherbet:2016:IER,
	title={{Explaining the Spread of Temporary Jobs and its Impact on Labor Turnover}},
	author={Cahuc, Pierre and Charlot, Olivier and Malherbet, Franck},
	journal={International Economic Review},
	volume={57},
	number={2},
	pages={533--572},
	year={2016},
	publisher={Wiley Online Library}
}

@article{faccini:2014:EJ,
	title={{Reassessing Labour Market Reforms: Temporary Contracts as a Screening Device}},
	author={Faccini, Renato},
	journal={Economic Journal},
	volume={124},
	number={575},
	pages={167--200},
	year={2014},
	publisher={Wiley Online Library}
}

@article{gw2015,
	title={{When Does the Stepping-Stone Work? Fixed-Term Contracts versus Temporary Agency Work in Changing Economic Conditions}},
	author={Givord, Pauline and Wilner, Lionel},
	journal={Journal of Applied Econometrics},
	volume={30},
	number={5},
	pages={787--805},
	year={2015},
	publisher={Wiley Online Library}
}

@article{jung_kuhn:2014:EJ,
  title={{Labour Market Institutions and Worker Flows: Comparing Germany and the U.S.}},
  author={Jung, Philip and Kuhn, Moritz},
  journal={Economic Journal},
  volume={124},
  number={581},
  pages={1317--1342},
  year={2014},
  publisher={Oxford University Press Oxford, UK}
}


@article{jung_kuhn:JEEA:2019,
  title={{Earnings Losses and Labor Mobility over the Life Cycle}},
  author={Jung, Philip and Kuhn, Moritz},
  journal={Journal of the European Economic Association},
  volume={17},
  number={3},
  pages={678--724},
  year={2019},
  publisher={Oxford University Press}
}

@article{shimer:2005:AER,
  title={{The Cyclical Behavior of Equilibrium Unemployment and Vacancies}},
  author={Shimer, Robert},
  journal={American Economic Review},
  volume={95},
  number={1},
  pages={25--49},
  year={2005}
}

@article{shimer:2012:RED,
  title={{Reassessing the Ins and Outs of Unemployment}},
  author={Shimer, Robert},
  journal={Review of Economic Dynamics},
  volume={15},
  number={2},
  pages={127--148},
  year={2012},
  publisher={Elsevier}
}

@article{Silva_Vazquez_Grenno:2013:LabourEcon,
  title={{The Ins and Outs of Unemployment in a Two-Tier Labor Market}},
  author={Silva, Jos{\'e} I and V{\'a}zquez-Grenno, Javier},
  journal={Labour Economics},
  volume={24},
  pages={161--169},
  year={2013},
  publisher={Elsevier}
}